<?xml version="1.0" encoding="UTF-8"?><collection xmlns="http://www.loc.gov/MARC21/slim"><record><leader>00497nam--2200193-u-4500</leader><controlfield tag="001">000053787</controlfield><controlfield tag="002">20161230</controlfield><controlfield tag="005">20161230201051</controlfield><controlfield tag="008">110621s1000------------r-----000-0-ger-d</controlfield><datafield ind1=" " ind2=" " tag="040"><subfield code="a">IFIN-HH</subfield></datafield><datafield ind1=" " ind2=" " tag="041"><subfield code="a">ger</subfield></datafield><datafield ind1=" " ind2=" " tag="080"><subfield code="a">537.811(07)</subfield></datafield><datafield ind1="1" ind2=" " tag="100"><subfield code="a">Lenk, R</subfield></datafield><datafield ind1="1" ind2="0" tag="245"><subfield code="a">Theorie elektromagnetischer felder</subfield><subfield code="c">R. lenk</subfield></datafield><datafield ind1=" " ind2=" " tag="260"><subfield code="a">Berlin</subfield><subfield code="b">Veb Deutscher Verlag Der Wissenschaften</subfield><subfield code="c">1976</subfield></datafield><datafield ind1=" " ind2=" " tag="300"><subfield code="a">329P</subfield></datafield><datafield ind1=" " ind2=" " tag="490"><subfield code="a">Studienbucherei</subfield></datafield><datafield ind1=" " ind2=" " tag="852"><subfield code="a">43710</subfield><subfield code="c">537:538</subfield></datafield><datafield ind1=" " ind2=" " tag="CAT"><subfield code="a">Sys</subfield><subfield code="c">20110621</subfield><subfield code="h">131625</subfield></datafield></record></collection>